@inproceedings{liu2015faceattributes,
 author = {Ziwei Liu and Ping Luo and Xiaogang Wang and Xiaoou Tang},
 title = {Deep Learning Face Attributes in the Wild},
 booktitle = {Proceedings of International Conference on Computer Vision (ICCV)},
 month = December,
 year = {2015}
}

@article{DBLP:journals/corr/abs-1711-09020,
  author    = {Yunjey Choi and
               Min{-}Je Choi and
               Munyoung Kim and
               Jung{-}Woo Ha and
               Sunghun Kim and
               Jaegul Choo},
  title     = {StarGAN: Unified Generative Adversarial Networks for Multi-Domain
               Image-to-Image Translation},
  journal   = {CoRR},
  volume    = {abs/1711.09020},
  year      = {2017},
  url       = {http://arxiv.org/abs/1711.09020},
  archivePrefix = {arXiv},
  eprint    = {1711.09020},
  timestamp = {Mon, 13 Aug 2018 16:49:17 +0200},
  biburl    = {https://dblp.org/rec/bib/journals/corr/abs-1711-09020},
  bibsource = {dblp computer science bibliography, https://dblp.org}
}
@ARTICLE{2014arXiv1411.1784M,
       author = {{Mirza}, Mehdi and {Osindero}, Simon},
        title = "{Conditional Generative Adversarial Nets}",
      journal = {arXiv e-prints},
     keywords = {Computer Science - Machine Learning, Computer Science - Artificial Intelligence, Computer Science - Computer Vision and Pattern Recognition, Statistics - Machine Learning},
         year = "2014",
        month = "Nov",
          eid = {arXiv:1411.1784},
        pages = {arXiv:1411.1784},
archivePrefix = {arXiv},
       eprint = {1411.1784},
 primaryClass = {cs.LG},
       adsurl = {https://ui.adsabs.harvard.edu/\#abs/2014arXiv1411.1784M},
      adsnote = {Provided by the SAO/NASA Astrophysics Data System}
}
@article{Yang2017Learning,
  title={Learning Face Age Progression: A Pyramid Architecture of GANs},
  author={Yang, Hongyu and Di, Huang and Wang, Yunhong and Jain, Anil K.},
  year={2017},
}
